@article{vanderplas2018understanding,
  title={Understanding the Lomb--Scargle Periodogram},
  author={VanderPlas, Jacob T},
  journal={The Astrophysical Journal Supplement Series},
  volume={236},
  number={1},
  pages={16},
  year={2018},
  publisher={IOP Publishing}
}

@article{nun2015fats,
  title={FATS: Feature Analysis for Time Series},
  author={Nun, Isadora and Protopapas, Pavlos and Sim, Brandon and Zhu, Ming and Dave, Rahul and Castro, Nicolas and Pichara, Karim},
  journal={arXiv preprint arXiv:1506.00010},
  year={2015}
}

@article{miller_systematic_1963,
	title = {Systematic mistake analysis of digital computer programs},
	volume = {6},
	number = {2},
	journal = {Communications of the ACM},
	author = {Miller, Joan C and Maloney, Clifford J},
	year = {1963},
	pages = {58--63}
}

@inproceedings{jazayeri_trends_2007,
	title = {Some trends in web application development},
	booktitle = {Future of {Software} {Engineering}, 2007. {FOSE}'07},
	publisher = {IEEE},
	author = {Jazayeri, Mehdi},
	year = {2007},
	pages = {199--213},
	file = {ACM Full Text PDF:/home/jbcabral/Zotero/storage/BPAQFLE9/Jazayeri - 2007 - Some Trends in Web Application Development.pdf:application/pdf}
}

@article{richards_machine-learned_2011,
	title = {On {Machine}-learned {Classification} of {Variable} {Stars} with {Sparse} and {Noisy} {Time}-series {Data}},
	volume = {733},
	issn = {0004-637X},
	url = {http://stacks.iop.org/0004-637X/733/i=1/a=10},
	doi = {10.1088/0004-637X/733/1/10},
	language = {en},
	number = {1},
	urldate = {2016-11-02},
	journal = {The Astrophysical Journal},
	author = {Richards, Joseph W. and Starr, Dan L. and Butler, Nathaniel R. and Bloom, Joshua S. and Brewer, John M. and {Arien Crellin-Quick} and Higgins, Justin and Kennedy, Rachel and Rischard, Maxime},
	year = {2011},
	pages = {10},
	file = {IOP Full Text PDF:/home/jbcabral/Zotero/storage/DCSPE3F8/Richards et al. - 2011 - On Machine-learned Classification of Variable Star.pdf:application/pdf;IOP Full Text PDF:/home/jbcabral/Zotero/storage/4QD623C8/Richards et al. - 2011 - On Machine-learned Classification of Variable Star.pdf:application/pdf}
}

@article{catelan_vista_2011,
	title = {The {Vista} {Variables} in the {Via} {Lactea} ({VVV}) {ESO} {Public} {Survey}: {Current} {Status} and {First} {Results}},
	shorttitle = {The {Vista} {Variables} in the {Via} {Lactea} ({VVV}) {ESO} {Public} {Survey}},
	url = {http://arxiv.org/abs/1105.1119},
	urldate = {2018-02-14},
	journal = {arXiv:1105.1119 [astro-ph]},
	author = {Catelan, M. and Minniti, D. and Lucas, P. W. and Alonso-Garcia, J. and Angeloni, R. and Beamin, J. C. and Bonatto, C. and Borissova, J. and Contreras, C. and Cross, N. and Dekany, I. and Emerson, J. P. and Eyheramendy, S. and Geisler, D. and Gonzalez-Solares, E. and Helminiak, K. G. and Hempel, M. and Irwin, M. J. and Ivanov, V. D. and Jordan, A. and Kerins, E. and Kurtev, R. and Mauro, F. and Bidin, C. Moni and Navarrete, C. and Perez, P. and Pichara, K. and Read, M. and Rejkuba, M. and Saito, R. K. and Sale, S. E. and Toledo, I.},
	month = may,
	year = {2011},
	note = {arXiv: 1105.1119},
	keywords = {Astrophysics - Solar and Stellar Astrophysics, Astrophysics - Astrophysics of Galaxies, Astrophysics - Instrumentation and Methods for Astrophysics},
	file = {arXiv\:1105.1119 PDF:/home/jbcabral/Zotero/storage/UX7H4BSD/Catelan et al. - 2011 - The Vista Variables in the Via Lactea (VVV) ESO Pu.pdf:application/pdf;arXiv.org Snapshot:/home/jbcabral/Zotero/storage/NLZ3X8V6/1105.html:text/html}
}

@inproceedings{tufano_when_2015,
	title = {When and {Why} {Your} {Code} {Starts} to {Smell} {Bad}},
	isbn = {978-1-4799-1934-5},
	url = {http://ieeexplore.ieee.org/document/7194592/},
	doi = {10.1109/ICSE.2015.59},
	language = {en},
	urldate = {2018-03-26},
	publisher = {IEEE},
	author = {Tufano, Michele and Palomba, Fabio and Bavota, Gabriele and Oliveto, Rocco and Di Penta, Massimiliano and De Lucia, Andrea and Poshyvanyk, Denys},
	month = may,
	year = {2015},
	pages = {403--414},
	file = {Tufano et al. - 2015 - When and Why Your Code Starts to Smell Bad.pdf:/home/jbcabral/Zotero/storage/8THNIW9V/Tufano et al. - 2015 - When and Why Your Code Starts to Smell Bad.pdf:application/pdf}
}

@misc{noauthor_[1506.00010]_nodate,
	title = {[1506.00010] {FATS}: {Feature} {Analysis} for {Time} {Series}},
	url = {https://arxiv.org/abs/1506.00010},
	urldate = {2018-04-25},
	file = {[1506.00010] FATS\: Feature Analysis for Time Series:/home/jbcabral/Zotero/storage/76K72DWB/1506.html:text/html}
}

@article{de_los_rios_messi_2016,
	title = {The {MeSsI} (merging systems identification) algorithm and catalogue},
	volume = {458},
	issn = {0035-8711},
	url = {https://academic.oup.com/mnras/article/458/1/226/2622523},
	doi = {10.1093/mnras/stw215},
	language = {en},
	number = {1},
	urldate = {2018-04-25},
	journal = {Monthly Notices of the Royal Astronomical Society},
	author = {de los Rios, Martín and R, Domínguez and J, Mariano and Paz, Dante and Merchán, Manuel},
	month = may,
	year = {2016},
	pages = {226--232},
	file = {Snapshot:/home/jbcabral/Zotero/storage/E859QCUH/2622523.html:text/html}
}

@article{kim_package_2016,
	title = {A package for the automated classification of periodic variable stars},
	volume = {587},
	copyright = {© ESO, 2016},
	issn = {0004-6361, 1432-0746},
	url = {https://www.aanda.org/articles/aa/abs/2016/03/aa27188-15/aa27188-15.html},
	doi = {10.1051/0004-6361/201527188},
	language = {en},
	urldate = {2018-04-25},
	journal = {Astronomy \& Astrophysics},
	author = {Kim, Dae-Won and Bailer-Jones, Coryn A. L.},
	month = mar,
	year = {2016},
	pages = {A18},
	file = {Full Text PDF:/home/jbcabral/Zotero/storage/2SCSR8EJ/Kim y Bailer-Jones - 2016 - A package for the automated classification of peri.pdf:application/pdf;Snapshot:/home/jbcabral/Zotero/storage/NFZTMJLH/aa27188-15.html:text/html}
}

@article{vanderplas_astroml:_2014,
	title = {{AstroML}: {Machine} learning and data mining in astronomy},
	shorttitle = {{AstroML}},
	url = {http://adsabs.harvard.edu/abs/2014ascl.soft07018V},
	urldate = {2018-04-25},
	journal = {Astrophysics Source Code Library},
	author = {VanderPlas, Jacob and Fouesneau, Morgan and Taylor, Julia},
	month = jul,
	year = {2014},
	keywords = {Software},
	pages = {ascl:1407.018}
}

@misc{fowler_martin_codesmell_2006,
	type = {blog},
	title = {{CodeSmell}},
	shorttitle = {codesm},
	url = {https://martinfowler.com/bliki/CodeSmell.html},
	abstract = {a bliki entry for CodeSmell},
	urldate = {2018-04-25},
	journal = {martinfowler.com},
	author = {Fowler, Martin},
	month = feb,
	year = {2006},
	file = {Snapshot:/home/jbcabral/Zotero/storage/S3H5CMWR/CodeSmell.html:text/html}
}

@book{fowler_refactoring:_1999,
	title = {Refactoring: improving the design of existing code},
	publisher = {Addison-Wesley Professional},
	author = {Fowler, Martin and Beck, Kent},
	year = {1999}
}

@article{walt_numpy_2011,
	title = {The {NumPy} {Array}: {A} {Structure} for {Efficient} {Numerical} {Computation}},
	volume = {13},
	issn = {1521-9615},
	shorttitle = {The {NumPy} {Array}},
	url = {https://aip.scitation.org/doi/abs/10.1109/MCSE.2011.37},
	doi = {10.1109/MCSE.2011.37},
	number = {2},
	urldate = {2018-04-25},
	journal = {Computing in Science \& Engineering},
	author = {Walt, Stéfan van der and Colbert, S. Chris and Varoquaux, Gaël},
	month = mar,
	year = {2011},
	pages = {22--30},
	file = {Snapshot:/home/jbcabral/Zotero/storage/NGP4LHWI/MCSE.2011.html:text/html}
}

@inproceedings{seabold_statsmodels:_2010,
	title = {Statsmodels: {Econometric} and statistical modeling with python},
	volume = {57},
	booktitle = {Proceedings of the 9th {Python} in {Science} {Conference}},
	publisher = {SciPy society Austin},
	author = {Seabold, Skipper and Perktold, Josef},
	year = {2010},
	pages = {61}
}

@article{jones_scipy:_2014,
	title = {{SciPy}: open source scientific tools for {Python}},
	author = {Jones, Eric and Oliphant, Travis and Peterson, Pearu},
	year = {2014}
}

@article{cook_variable_1995,
	title = {Variable {Stars} in the {MACHO} {Collaboration} {Database}},
	volume = {155},
	issn = {0252-9211},
	url = {https://goo.gl/AF1gYg},
	doi = {10.1017/S0252921100037015},
	language = {en},
	urldate = {2018-04-25},
	journal = {International Astronomical Union Colloquium},
	author = {Cook, Kem H. and Alcock, C. and Allsman, R. A. and Axelrod, T. S. and Freeman, K. C. and Peterson, B. A. and Quinn, P. J. and Rodgers, A. W. and Bennett, D. P. and Reimann, J. and Griest, K. and Marshall, S. L. and Pratt, M. R. and Stubbs, C. W. and Sutherland, W. and Welch, D.},
	year = {1995},
	pages = {221--231},
	file = {Full Text PDF:/home/jbcabral/Zotero/storage/2UTJIYGL/Cook et al. - 1995 - Variable Stars in the MACHO Collaborationa href=.pdf:application/pdf;Snapshot:/home/jbcabral/Zotero/storage/3GKKPNMP/5AA703135CF404CCE0078EE2E623A8D9.html:text/html}
}

@incollection{minniti_mapping_2018,
	series = {Astrophysics and {Space} {Science} {Proceedings}},
	title = {Mapping the {Milky} {Way} in the {Near}-{IR}: {The} {Future} of the {VVV} {Survey}},
	isbn = {978-3-319-67204-5 978-3-319-67205-2},
	shorttitle = {Mapping the {Milky} {Way} in the {Near}-{IR}},
	url = {https://link.springer.com/chapter/10.1007/978-3-319-67205-2_4},
	language = {en},
	urldate = {2018-04-25},
	booktitle = {The {Vatican} {Observatory}, {Castel} {Gandolfo}: 80th {Anniversary} {Celebration}},
	publisher = {Springer, Cham},
	author = {Minniti, Dante},
	year = {2018},
	doi = {10.1007/978-3-319-67205-2_4},
	pages = {63--71},
	file = {Snapshot:/home/jbcabral/Zotero/storage/JXPGF3NA/10.html:text/html}
}

@book{michalski_machine_2013,
	title = {Machine learning: {An} artificial intelligence approach},
	publisher = {Springer Science \& Business Media},
	author = {Michalski, Ryszard S and Carbonell, Jaime G and Mitchell, Tom M},
	year = {2013}
}

@book{ng_machine_2013,
	title = {Machine {Learning} and {AI} via {Brain} simulations},
	publisher = {Stanford University},
	author = {Ng, Andrew},
	year = {2013}
}

@article{samuel_studies_1959,
	title = {Some studies in machine learning using the game of checkers},
	volume = {3},
	number = {3},
	journal = {IBM Journal of research and development},
	author = {Samuel, Arthur L},
	year = {1959},
	pages = {210--229}
}

@article{robitaille_astropy:_2013,
	title = {Astropy: {A} community {Python} package for astronomy},
	volume = {558},
	journal = {Astronomy \& Astrophysics},
	author = {Robitaille, Thomas P and Tollerud, Erik J and Greenfield, Perry and Droettboom, Michael and Bray, Erik and Aldcroft, Tom and Davis, Matt and Ginsburg, Adam and Price-Whelan, Adrian M and Kerzendorf, Wolfgang E and {others}},
	year = {2013},
	pages = {A33}
}

@inproceedings{kim_-trending_2009,
	title = {De-{Trending} {Time} {Series} for {Astronomical} {Variability} {Surveys}},
	volume = {411},
	booktitle = {Astronomical {Data} {Analysis} {Software} and {Systems} {XVIII}},
	author = {Kim, D-W and Protopapas, Pavlos and Alcock, Charles and Byun, Yong-Ik and Bianco, Federica B},
	year = {2009},
	pages = {247}
}

@article{udalski_optical_2004,
	title = {The optical gravitational lensing experiment. {Real} time data analysis systems in the {OGLE}-{III} survey},
	journal = {arXiv preprint astro-ph/0401123},
	author = {Udalski, Andrzej},
	year = {2004}
}

@misc{noauthor_[1703.09824]_nodate,
	title = {[1703.09824] {Understanding} the {Lomb}-{Scargle} {Periodogram}},
	url = {https://arxiv.org/abs/1703.09824},
	urldate = {2018-04-26},
	file = {[1703.09824] Understanding the Lomb-Scargle Periodogram:/home/jbcabral/Zotero/storage/TVZ3ULAG/1703.html:text/html}
}

@book{press_numerical_2007,
	title = {Numerical recipes 3rd edition: {The} art of scientific computing},
	publisher = {Cambridge university press},
	author = {Press, William H},
	year = {2007}
}

@inproceedings{landsman_idl_1995,
	title = {The {IDL} {Astronomy} {User}'s {Library}},
	volume = {77},
	booktitle = {Astronomical {Data} {Analysis} {Software} and {Systems} {IV}},
	author = {Landsman, WB},
	year = {1995},
	pages = {437}
}

@article{cowling_first_1998,
	title = {The first decade of an undergraduate degree programme in software engineering},
	volume = {6},
	number = {1-4},
	journal = {Annals of Software Engineering},
	author = {Cowling, Anthony J.},
	year = {1998},
	pages = {61--90}
}